<record><leader>00000cas a22000007a 4500</leader><controlfield tag="001">13118982</controlfield><controlfield tag="008">860207d19061930wvudr ne      0    0eng d</controlfield><datafield ind1=" " ind2=" " tag="010"><subfield code="a">sn 86092152 </subfield></datafield><datafield ind1=" " ind2=" " tag="040"><subfield code="a">WVC</subfield><subfield code="b">eng</subfield><subfield code="c">WVC</subfield><subfield code="d">DLC</subfield><subfield code="d">WVC</subfield><subfield code="d">OCL</subfield><subfield code="d">OCLCQ</subfield></datafield><datafield ind1=" " ind2=" " tag="042"><subfield code="a">msc</subfield></datafield><datafield ind1="0" ind2=" " tag="130"><subfield code="a">New dominion (Morgantown, W. Va. : 1906)</subfield></datafield><datafield ind1="1" ind2="4" tag="245"><subfield code="a">The new dominion.</subfield></datafield><datafield ind1=" " ind2=" " tag="260"><subfield code="a">Morgantown, W. Va. :</subfield><subfield code="b">Dominion-News Co.,</subfield><subfield code="c">-1930.</subfield></datafield><datafield ind1=" " ind2=" " tag="300"><subfield code="a">v.</subfield></datafield><datafield ind1=" " ind2=" " tag="310"><subfield code="a">Daily</subfield></datafield><datafield ind1="1" ind2=" " tag="362"><subfield code="a">Began in 1906?</subfield></datafield><datafield ind1="0" ind2=" " tag="362"><subfield code="a">-v. 40, no. 12 (Jan. 14, 1930).</subfield></datafield><datafield ind1=" " ind2=" " tag="500"><subfield code="a">"Democratic."</subfield></datafield><datafield ind1=" " ind2=" " tag="580"><subfield code="a">Issued also weeklies entitled: New dominion-news (190u-1911); and Weekly new dominion (1911-191u).</subfield></datafield><datafield ind1=" " ind2=" " tag="588"><subfield code="a">Description based on: Vol. 20, no. 57 (Nov. 7, 1907).</subfield></datafield><datafield ind1=" " ind2=" " tag="752"><subfield code="a">United States</subfield><subfield code="b">West Virginia</subfield><subfield code="c">Monongalia</subfield><subfield code="d">Morgantown.</subfield></datafield><datafield ind1="0" ind2=" " tag="775"><subfield code="t">New dominion-news</subfield><subfield code="w">(DLC)sn 86092183</subfield></datafield><datafield ind1="0" ind2=" " tag="775"><subfield code="t">Weekly new dominion</subfield><subfield code="w">(DLC)sn 86092184</subfield></datafield><datafield ind1="0" ind2="5" tag="780"><subfield code="t">Morgantown republican</subfield><subfield code="w">(DLC)sn 86092179</subfield></datafield><datafield ind1="0" ind2="5" tag="780"><subfield code="t">Morgantown news</subfield><subfield code="w">(DLC)sn 86092177</subfield></datafield><datafield ind1="0" ind2="0" tag="780"><subfield code="t">Daily new dominion</subfield><subfield code="w">(DLC)sn 86092151</subfield></datafield><datafield ind1="0" ind2="0" tag="785"><subfield code="t">Dominion-news</subfield><subfield code="w">(DLC)sn 86092153</subfield></datafield><datafield ind1="1" ind2=" " tag="029"><subfield code="a">AU@</subfield><subfield code="b">000023535941</subfield></datafield></record>